@article
{EML_2019,title={Ecological Metadata Language version 2.2.0},url={https://eml.ecoinformatics.org},DOI={10.5063/f11834t2},publisher={KNB Data Repository},author={Jones, Matthew and Oâ€™Brien, Margaret and Mecum, Bryce and Boettiger, Carl and Schildhauer, Mark and Maier, Mitchell and Whiteaker, Timothy and Earl, Stevan and Chong, Steven},year={2019}}